@article{hm85,
  author={Hennessy, Matthew and Milner, Robin},
  title={Algebraic Laws for Nondeterminism and Concurrency},
  year={1985},
  volume={32},
  number={1},
  journal={Journal of the ACM},
  pages={137-–161},
  doi={10.1145/2455.2460},
}
@article{keller76,
  title={Formal Verification of Parallel Programs},
  author={Keller, Robert M.},
  year={1976},
  volume={19},
  number={7},
  url={https://doi.org/10.1145/360248.360251},
  journal={Communications of the ACM},
  pages={371–384},
  doi={10.1145/360248.360251},
}
@incollection{harel85,
  author={Harel, David and Pnueli, Amir},
  editor={Apt, Krzysztof R.},
  title={On the Development of Reactive Systems},
  booktitle={Logics and models of concurrent systems},
  year={1985},
  publisher={Springer Berlin Heidelberg},
  pages={477--498},
  volume={13},
  doi={10.1007/978-3-642-82453-1_17},
}
@incollection{park81,
  author={Park, David},
  editor={Deussen, Peter},
  title={Concurrency and automata on infinite sequences},
  booktitle={Theoretical Computer Science},
  year={1981},
  publisher={Springer Berlin Heidelberg},
  pages={167--183},
  doi={10.1007/BFb0017309},
}
@book{reactivesystems,
  title={Reactive systems: modelling, specification and verification},
  author={Aceto, Luca and Ingolfsdottir, Anna and Larsen, Kim Guldstrand and Srba, Jirí},
  year={2007},
  publisher={Cambridge University Press},
  doi={10.1017/CBO9780511814105},
}
@misc{prog_prove,
  title={Programming and proving in {Isabelle}/{HOL}},
  author={Nipkow, Tobias},
  year={2021},
  month={February},
  url={https://isabelle.in.tum.de/doc/prog-prove.pdf},
  note = {Accessed on 07.06.2021}
}
@misc{isar_ref,
  title={The {Isabelle}/{Isar} Reference Manual},
  author={Wenzel, Makarius},
  year={2021},
  month={February},
  url={https://isabelle.in.tum.de/doc/isar-ref.pdf},
  note = {Accessed on 28.05.2021}
}
@misc{isa_system,
  title={The {Isabelle} System Manual},
  author={Wenzel, Makarius},
  year={2021},
  month={February},
  url={https://isabelle.in.tum.de/doc/system.pdf},
  note = {Accessed on 28.05.2021}
}

@misc{bisping2022deciding,
    title={Deciding All Behavioral Equivalences at Once: A Game for Linear-Time--Branching-Time Spectroscopy}, 
    author={Benjamin Bisping and David N. Jansen and Uwe Nestmann},
    year={2022},
    eprint={2109.15295},
    archivePrefix={arXiv},
    primaryClass={cs.GT}
}


@misc{bisping2023process,
    title={Process Equivalence Problems as Energy Games}, 
    author={Benjamin Bisping},
    year={2023},
    eprint={2303.08904},
    archivePrefix={arXiv},
    primaryClass={cs.DS}
}

@incollection{GLABBEEK20013,
title = {CHAPTER 1 - The Linear Time - Branching Time Spectrum I.},
editor = {J.A. Bergstra and A. Ponse and S.A. Smolka},
booktitle = {Handbook of Process Algebra},
publisher = {Elsevier Science},
address = {Amsterdam},
pages = {3-99},
year = {2001},
isbn = {978-0-444-82830-9},
doi = {https://doi.org/10.1016/B978-044482830-9/50019-9},
author = {R.J. van Glabbeek},
}